@article{eyal2018majority,
  title={Majority is not enough: Bitcoin mining is vulnerable},
  author={Eyal, Ittay and Sirer, Emin G{\"u}n},
  journal={Communications of the ACM},
  volume={61},
  number={7},
  pages={95--102},
  year={2018},
  publisher={ACM}
}

@inproceedings{sapirshtein2016optimal,
  title={Optimal selfish mining strategies in bitcoin},
  author={Sapirshtein, Ayelet and Sompolinsky, Yonatan and Zohar, Aviv},
  booktitle={International Conference on Financial Cryptography and Data Security},
  pages={515--532},
  year={2016},
  organization={Springer}
}

@online{coinmarketcap, 
title={About Tezos}, 
author={CoinMarketCap},
year={2020},
url={https://coinmarketcap.com/currencies/tezos/},
note = {(Accessed on 06/08/2020)}
}

@online{nakamoto2008bitcoin,
  title={Bitcoin: A peer-to-peer electronic cash system},
  author={Nakamoto, Satoshi},
  year={2008},
  url={https://bitcoin.org/bitcoin.pdf}
}

@online{goodman2014tezos,
  title={Tezos—a self-amending crypto-ledger White paper},
  author={Goodman, LM},
  url={https://www.tezos.com/static/papers/white_paper.pdf},
  year={2014}
}

@inproceedings{brown2019formal,
  title={Formal barriers to longest-chain proof-of-stake protocols},
  author={Brown-Cohen, Jonah and Narayanan, Arvind and Psomas, Alexandros and Weinberg, S Matthew},
  booktitle={Proceedings of the 2019 ACM Conference on Economics and Computation},
  pages={459--473},
  year={2019},
  organization={ACM}
}

@inproceedings{nayak2016stubborn,
  title={Stubborn mining: Generalizing selfish mining and combining with an eclipse attack},
  author={Nayak, Kartik and Kumar, Srijan and Miller, Andrew and Shi, Elaine},
  booktitle={2016 IEEE European Symposium on Security and Privacy (EuroS\&P)},
  pages={305--320},
  year={2016},
  organization={IEEE}
}

@online{quantdecentralization,
  author = {Balaji S. Srinivasan},
  title = {Quantifying Decentralization},
  year = 2017,
  url = {https://news.earn.com/quantifying-decentralization-e39db233c28e},
  urldate = {2019-11-18}
}

@online{babylonupdate,
  author = {},
  title = {Update: Week Of 14 October 2019},
  year = 2019,
  url = {https://tezos.foundation/news/weekly-updates/update-week-of-14-october-2019},
  urldate = {2019-11-13}
}

@online{tzstats,
  author = {KidTsunami},
  title = {tzstats},
  year = 2019,
  url = {https://tzstats.com/},
  urldate = {2019-11-13}
}

@online{postezos,
  author = {},
  title = {Proof-of-stake in Tezos},
  year = 2019,
  url = {https://gitlab.com/tezos/tezos/blob/master/docs/whitedoc/proof_of_stake.rst},
  urldate = {2019-11-13}
}

@online{babylondoc,
  author = {},
  title = {Protocol 005\_PsBabyM1 Babylon},
  year = 2019,
  url = {https://gitlab.com/tezos/tezos/blob/master/docs/protocols/005_babylon.rst},
  urldate = {2019-11-13}
}

@online{analysisemmyplus,
  author = {Nomadic Labs},
  title = {Analysis of Emmy+},
  year = 2019,
  url = {https://blog.nomadic-labs.com/analysis-of-emmy.html},
  urldate = {2019-11-13}
}

@online{wastebitcoin,
  author = {Digiconomist},
  title = {Bitcoin Energy Consumption Index},
  year = 2019,
  url = {https://digiconomist.net/bitcoin-energy-consumption},
  urldate = {2019-11-13}
}

@online{pools,
  author = {Blockchain.com},
  title = {Hashrate Distribution. An estimation of hashrate distribution amongst the largest mining pools},
  year = 2019,
  url = {https://www.blockchain.com/en/pools},
  urldate = {2019-11-13}
}

@incollection{baliga2017understanding,
  title={Understanding blockchain consensus models},
  author={Baliga, Arati},
  booktitle={Persistent},
  year={2017}
}

@inproceedings{mingxiao2017review,
  title={A review on consensus algorithm of blockchain},
  author={Mingxiao, Du and Xiaofeng, Ma and Zhe, Zhang and Xiangwei, Wang and Qijun, Chen},
  booktitle={2017 IEEE International Conference on Systems, Man, and Cybernetics (SMC)},
  pages={2567--2572},
  year={2017},
  organization={IEEE}
}

@online{eos,
  author = {EOSIO},
  title = {EOS.IO Technical White Paper v2},
  year = 2019,
  url = {https://github.com/EOSIO/Documentation/blob/master/TechnicalWhitePaper.md},
  urldate = {2019-11-13}
}

@inproceedings{kiayias2017ouroboros,
  title={Ouroboros: A provably secure proof-of-stake blockchain protocol},
  author={Kiayias, Aggelos and Russell, Alexander and David, Bernardo and Oliynykov, Roman},
  booktitle={Annual International Cryptology Conference},
  pages={357--388},
  year={2017},
  organization={Springer}
}

@article{vasin2014blackcoin,
  title={Blackcoin’s proof-of-stake protocol v2},
  author={Vasin, Pavel},
  journal={URL: https://blackcoin. co/blackcoin-pos-protocol-v2-whitepaper. pdf},
  volume={71},
  year={2014}
}

@online{nxt,
  author = {Nxt Community},
  title = {Whitepaper:Nxt},
  year = 2019,
  url = {https://nxtwiki.org/wiki/Whitepaper:Nxt},
  urldate = {2019-11-13}
}

@article{buterin2017casper,
  title={Casper the friendly finality gadget},
  author={Buterin, Vitalik and Griffith, Virgil},
  journal={arXiv preprint arXiv:1710.09437},
  year={2017}
}

@article{bentov2014proof,
  title={Proof of Activity: Extending Bitcoin's Proof of Work via Proof of Stake.},
  author={Bentov, Iddo and Lee, Charles and Mizrahi, Alex and Rosenfeld, Meni},
  journal={IACR Cryptology ePrint Archive},
  volume={2014},
  pages={452},
  year={2014}
}

@online{hardforks,
  author = {Nathan Reiff},
  title = {A History of Bitcoin Hard Forks},
  year = 2019,
  url = {https://www.investopedia.com/tech/history-bitcoin-hard-forks/},
  urldate = {2019-11-13}
}

@misc{30confs,
author = {},
title = {What is Proof-of-Stake?· GitBook},
howpublished = {\url{https://learn.tqtezos.com/files/proofofstake.html\#consensus}},
year = {2020},
note = {(Accessed on 06/10/2020)}
}

@inproceedings{sompolinsky2015secure,
  title={Secure high-rate transaction processing in bitcoin},
  author={Sompolinsky, Yonatan and Zohar, Aviv},
  booktitle={International Conference on Financial Cryptography and Data Security},
  pages={507--527},
  year={2015},
  organization={Springer}
}

@misc{gasper,
Author = {Vitalik Buterin and Diego Hernandez and Thor Kamphefner and Khiem Pham and Zhi Qiao and Danny Ryan and Juhyeok Sin and Ying Wang and Yan X Zhang},
Title = {Combining GHOST and Casper},
Year = {2020},
Eprint = {arXiv:2003.03052},
}

@inproceedings{kwon2017selfish,
  title={Be selfish and avoid dilemmas: Fork after withholding (faw) attacks on bitcoin},
  author={Kwon, Yujin and Kim, Dohyun and Son, Yunmok and Vasserman, Eugene and Kim, Yongdae},
  booktitle={Proceedings of the 2017 ACM SIGSAC Conference on Computer and Communications Security},
  pages={195--209},
  year={2017},
  organization={ACM}
}

@online{emmyplusannounce,
  author = {Nomadic Labs},
  title = {Emmy+: an improved consensus algorithm},
  year = 2019,
  url = {https://blog.nomadic-labs.com/emmy-an-improved-consensus-algorithm.html},
  urldate = {2019-11-13}
}

@misc{powDoubleSpend,
Author = {Meni Rosenfeld},
Title = {Analysis of Hashrate-Based Double Spending},
Year = {2014},
Eprint = {arXiv:1402.2009},
}

@article{nxt2016probabilistic,
  title={A probabilistic analysis of the nxt forging algorithm},
  author={Popov, Serguei},
  journal={Ledger},
  volume={1},
  pages={69--83},
  year={2016}
}

@online{cathagedoc,
  author = {Nomadic Labs},
  title = {Protocol 006\_PsCARTHA Carthage},
  year = 2019,
  url = {https://tezos.gitlab.io/protocols/006_carthage.html},
  urldate = {2020-20-1}
}

@online{cathageanal,
  author = {Nomadic Labs},
  title = {A new reward formula for Carthage},
  year = 2019,
  url = {https://blog.nomadic-labs.com/a-new-reward-formula-for-carthage.html},
  urldate = {2020-20-1}
}


@online{lpos,
  author = {Jacob Arluck},
  title = {Liquid Proof-of-Stake},
  year = 2019,
  url = {https://medium.com/tezos/liquid-proof-of-stake-aec2f7ef1da7},
  urldate = {2019-11-13}
}

@article{multi1,
  title={On the preliminary investigation of selfish mining strategy with multiple selfish miners},
  author={Leelavimolsilp, Tin and Tran-Thanh, Long and Stein, Sebastian},
  journal={arXiv preprint arXiv:1802.02218},
  year={2018}
}

@inproceedings{multi2,
  title={On the strategy and behavior of bitcoin mining with n-attackers},
  author={Liu, Hanqing and Ruan, Na and Du, Rongtian and Jia, Weijia},
  booktitle={Proceedings of the 2018 on Asia Conference on Computer and Communications Security},
  pages={357--368},
  year={2018}
}

@article{gobel2016delay,
  title={Bitcoin blockchain dynamics: The selfish-mine strategy in the presence of propagation delay},
  author={G{\"o}bel, Johannes and Keeler, Holger Paul and Krzesinski, Anthony E and Taylor, Peter G},
  journal={Performance Evaluation},
  volume={104},
  pages={23--41},
  year={2016},
  publisher={Elsevier}
}

@article{lee20,
  title={The Political Economy of Blockchain Governance},
  author={Lee, Barton E. and Moroz, Daniel J. and Parkes, David C.},
  journal={Cryptoeconomic Systems},
  year={2020},
}

@article{wilson1927probable,
  title={Probable inference, the law of succession, and statistical inference},
  author={Wilson, Edwin B},
  journal={Journal of the American Statistical Association},
  volume={22},
  number={158},
  pages={209--212},
  year={1927},
  publisher={Taylor \& Francis Group}
}

@article{neuder2019selfish,
  title={Selfish Behavior in the Tezos Proof-of-Stake Protocol},
  author={Neuder, Michael and Moroz, Daniel J and Rao, Rithvik and Parkes, David C},
  journal={arXiv preprint arXiv:1912.02954},
  year={2019}
}

@article{adams2021uniswap,
  title={Uniswap v3 Core},
  author={Adams, Hayden and Zinsmeister, Noah and Salem, Moody and Keefer, River and Robinson, Dan},
  year={2021}
}

@online{univ2_analytics,
  author = {Uniswap team},
  title = {Uniswap v2 Analytics},
  year = 2021,
  url = {https://v2.info.uniswap.org/home},
  urldate = {2021-05-24}
}

@online{univ3_analytics,
  author = {Uniswap team},
  title = {Uniswap v3 Analytics},
  year = 2021,
  url = {https://info.uniswap.org/#/},
  urldate = {2021-05-24}
}
@article{eyal2018majority,
  title={Majority is not enough: Bitcoin mining is vulnerable},
  author={Eyal, Ittay and Sirer, Emin G{\"u}n},
  journal={Communications of the ACM},
  volume={61},
  number={7},
  pages={95--102},
  year={2018},
  publisher={ACM}
}

@inproceedings{sapirshtein2016optimal,
  title={Optimal selfish mining strategies in bitcoin},
  author={Sapirshtein, Ayelet and Sompolinsky, Yonatan and Zohar, Aviv},
  booktitle={International Conference on Financial Cryptography and Data Security},
  pages={515--532},
  year={2016},
  organization={Springer}
}

@online{coinmarketcap, 
title={About Tezos}, 
author={CoinMarketCap},
year={2020},
url={https://coinmarketcap.com/currencies/tezos/},
note = {(Accessed on 06/08/2020)}
}

@online{nakamoto2008bitcoin,
  title={Bitcoin: A peer-to-peer electronic cash system},
  author={Nakamoto, Satoshi},
  year={2008},
  url={https://bitcoin.org/bitcoin.pdf}
}

@online{goodman2014tezos,
  title={Tezos—a self-amending crypto-ledger White paper},
  author={Goodman, LM},
  url={https://www.tezos.com/static/papers/white_paper.pdf},
  year={2014}
}

@inproceedings{brown2019formal,
  title={Formal barriers to longest-chain proof-of-stake protocols},
  author={Brown-Cohen, Jonah and Narayanan, Arvind and Psomas, Alexandros and Weinberg, S Matthew},
  booktitle={Proceedings of the 2019 ACM Conference on Economics and Computation},
  pages={459--473},
  year={2019},
  organization={ACM}
}

@inproceedings{nayak2016stubborn,
  title={Stubborn mining: Generalizing selfish mining and combining with an eclipse attack},
  author={Nayak, Kartik and Kumar, Srijan and Miller, Andrew and Shi, Elaine},
  booktitle={2016 IEEE European Symposium on Security and Privacy (EuroS\&P)},
  pages={305--320},
  year={2016},
  organization={IEEE}
}

@online{quantdecentralization,
  author = {Balaji S. Srinivasan},
  title = {Quantifying Decentralization},
  year = 2017,
  url = {https://news.earn.com/quantifying-decentralization-e39db233c28e},
  urldate = {2019-11-18}
}

@online{babylonupdate,
  author = {Tezos Foundation},
  title = {Update: Week Of 14 October 2019},
  year = 2019,
  url = {https://tezos.foundation/news/weekly-updates/update-week-of-14-october-2019},
  urldate = {2019-11-13}
}

@online{tzstats,
  author = {KidTsunami},
  title = {tzstats},
  year = 2019,
  url = {https://tzstats.com/},
  urldate = {2019-11-13}
}

@online{postezos,
  author = {Tezos Foundation},
  title = {Proof-of-stake in Tezos},
  year = 2019,
  url = {https://gitlab.com/tezos/tezos/blob/master/docs/whitedoc/proof_of_stake.rst},
  urldate = {2019-11-13}
}

@online{babylondoc,
  author = {Tezos Foundation},
  title = {Protocol 005\_PsBabyM1 Babylon},
  year = 2019,
  url = {https://gitlab.com/tezos/tezos/blob/master/docs/protocols/005_babylon.rst},
  urldate = {2019-11-13}
}

@online{analysisemmyplus,
  author = {Nomadic Labs},
  title = {Analysis of Emmy+},
  year = 2019,
  url = {https://blog.nomadic-labs.com/analysis-of-emmy.html},
  urldate = {2019-11-13}
}

@online{wastebitcoin,
  author = {Digiconomist},
  title = {Bitcoin Energy Consumption Index},
  year = 2019,
  url = {https://digiconomist.net/bitcoin-energy-consumption},
  urldate = {2019-11-13}
}

@online{pools,
  author = {Blockchain.com},
  title = {Hashrate Distribution. An estimation of hashrate distribution amongst the largest mining pools},
  year = 2019,
  url = {https://www.blockchain.com/en/pools},
  urldate = {2019-11-13}
}

@incollection{baliga2017understanding,
  title={Understanding blockchain consensus models},
  author={Baliga, Arati},
  booktitle={Persistent},
  year={2017}
}

@inproceedings{mingxiao2017review,
  title={A review on consensus algorithm of blockchain},
  author={Mingxiao, Du and Xiaofeng, Ma and Zhe, Zhang and Xiangwei, Wang and Qijun, Chen},
  booktitle={2017 IEEE International Conference on Systems, Man, and Cybernetics (SMC)},
  pages={2567--2572},
  year={2017},
  organization={IEEE}
}

@online{eos,
  author = {EOSIO},
  title = {EOS.IO Technical White Paper v2},
  year = 2019,
  url = {https://github.com/EOSIO/Documentation/blob/master/TechnicalWhitePaper.md},
  urldate = {2019-11-13}
}

@inproceedings{kiayias2017ouroboros,
  title={Ouroboros: A provably secure proof-of-stake blockchain protocol},
  author={Kiayias, Aggelos and Russell, Alexander and David, Bernardo and Oliynykov, Roman},
  booktitle={Annual International Cryptology Conference},
  pages={357--388},
  year={2017},
  organization={Springer}
}

@article{vasin2014blackcoin,
  title={Blackcoin’s proof-of-stake protocol v2},
  author={Vasin, Pavel},
  journal={URL: https://blackcoin. co/blackcoin-pos-protocol-v2-whitepaper. pdf},
  volume={71},
  year={2014}
}

@online{nxt,
  author = {Nxt Community},
  title = {Whitepaper:Nxt},
  year = 2019,
  url = {https://nxtwiki.org/wiki/Whitepaper:Nxt},
  urldate = {2019-11-13}
}

@article{buterin2017casper,
  title={Casper the friendly finality gadget},
  author={Buterin, Vitalik and Griffith, Virgil},
  journal={arXiv preprint arXiv:1710.09437},
  year={2017}
}

@article{bentov2014proof,
  title={Proof of Activity: Extending Bitcoin's Proof of Work via Proof of Stake.},
  author={Bentov, Iddo and Lee, Charles and Mizrahi, Alex and Rosenfeld, Meni},
  journal={IACR Cryptology ePrint Archive},
  volume={2014},
  pages={452},
  year={2014}
}

@online{hardforks,
  author = {Nathan Reiff},
  title = {A History of Bitcoin Hard Forks},
  year = 2019,
  url = {https://www.investopedia.com/tech/history-bitcoin-hard-forks/},
  urldate = {2019-11-13}
}

@misc{30confs,
author = {},
title = {What is Proof-of-Stake?· GitBook},
howpublished = {\url{https://learn.tqtezos.com/files/proofofstake.html\#consensus}},
year = {2020},
note = {(Accessed on 06/10/2020)}
}

@inproceedings{sompolinsky2015secure,
  title={Secure high-rate transaction processing in bitcoin},
  author={Sompolinsky, Yonatan and Zohar, Aviv},
  booktitle={International Conference on Financial Cryptography and Data Security},
  pages={507--527},
  year={2015},
  organization={Springer}
}

@misc{gasper,
Author = {Vitalik Buterin and Diego Hernandez and Thor Kamphefner and Khiem Pham and Zhi Qiao and Danny Ryan and Juhyeok Sin and Ying Wang and Yan X Zhang},
Title = {Combining GHOST and Casper},
Year = {2020},
Eprint = {arXiv:2003.03052},
}

@inproceedings{kwon2017selfish,
  title={Be selfish and avoid dilemmas: Fork after withholding (faw) attacks on bitcoin},
  author={Kwon, Yujin and Kim, Dohyun and Son, Yunmok and Vasserman, Eugene and Kim, Yongdae},
  booktitle={Proceedings of the 2017 ACM SIGSAC Conference on Computer and Communications Security},
  pages={195--209},
  year={2017},
  organization={ACM}
}

@online{emmyplusannounce,
  author = {Nomadic Labs},
  title = {Emmy+: an improved consensus algorithm},
  year = 2019,
  url = {https://blog.nomadic-labs.com/emmy-an-improved-consensus-algorithm.html},
  urldate = {2019-11-13}
}

@misc{powDoubleSpend,
Author = {Meni Rosenfeld},
Title = {Analysis of Hashrate-Based Double Spending},
Year = {2014},
Eprint = {arXiv:1402.2009},
}

@article{nxt2016probabilistic,
  title={A probabilistic analysis of the nxt forging algorithm},
  author={Popov, Serguei},
  journal={Ledger},
  volume={1},
  pages={69--83},
  year={2016}
}

@online{cathagedoc,
  author = {Nomadic Labs},
  title = {Protocol 006\_PsCARTHA Carthage},
  year = 2019,
  url = {https://tezos.gitlab.io/protocols/006_carthage.html},
  urldate = {2020-20-1}
}

@online{cathageanal,
  author = {Nomadic Labs},
  title = {A new reward formula for Carthage},
  year = 2019,
  url = {https://blog.nomadic-labs.com/a-new-reward-formula-for-carthage.html},
  urldate = {2020-20-1}
}


@online{lpos,
  author = {Jacob Arluck},
  title = {Liquid Proof-of-Stake},
  year = 2019,
  url = {https://medium.com/tezos/liquid-proof-of-stake-aec2f7ef1da7},
  urldate = {2019-11-13}
}

@article{multi1,
  title={On the preliminary investigation of selfish mining strategy with multiple selfish miners},
  author={Leelavimolsilp, Tin and Tran-Thanh, Long and Stein, Sebastian},
  journal={arXiv preprint arXiv:1802.02218},
  year={2018}
}

@inproceedings{multi2,
  title={On the strategy and behavior of bitcoin mining with n-attackers},
  author={Liu, Hanqing and Ruan, Na and Du, Rongtian and Jia, Weijia},
  booktitle={Proceedings of the 2018 on Asia Conference on Computer and Communications Security},
  pages={357--368},
  year={2018}
}

@article{gobel2016delay,
  title={Bitcoin blockchain dynamics: The selfish-mine strategy in the presence of propagation delay},
  author={G{\"o}bel, Johannes and Keeler, Holger Paul and Krzesinski, Anthony E and Taylor, Peter G},
  journal={Performance Evaluation},
  volume={104},
  pages={23--41},
  year={2016},
  publisher={Elsevier}
}

@article{lee20,
  title={The Political Economy of Blockchain Governance},
  author={Lee, Barton E. and Moroz, Daniel J. and Parkes, David C.},
  journal={Cryptoeconomic Systems},
  year={2020},
}

@article{wilson1927probable,
  title={Probable inference, the law of succession, and statistical inference},
  author={Wilson, Edwin B},
  journal={Journal of the American Statistical Association},
  volume={22},
  number={158},
  pages={209--212},
  year={1927},
  publisher={Taylor \& Francis Group}
}

@article{neuder2019selfish,
  title={Selfish Behavior in the Tezos Proof-of-Stake Protocol},
  author={Neuder, Michael and Moroz, Daniel J and Rao, Rithvik and Parkes, David C},
  journal={arXiv preprint arXiv:1912.02954},
  year={2019}
}

@inproceedings{neuder2020defending,
  title={Defending Against Malicious Reorgs in Tezos Proof-of-Stake},
  author={Neuder, Michael and Moroz, Daniel J and Rao, Rithvik and Parkes, David C},
  booktitle={Proceedings of the 2nd ACM Conference on Advances in Financial Technologies},
  pages={46--58},
  year={2020}
}

@inproceedings{castro1999practical,
  title={Practical Byzantine fault tolerance},
  author={Castro, Miguel and Liskov, Barbara and others},
  booktitle={OSDI},
  volume={99},
  number={1999},
  pages={173--186},
  year={1999}
}

@article{zur2020efficient,
  title={Efficient MDP analysis for selfish-mining in blockchains},
  author={Zur, Roi Bar and Eyal, Ittay and Tamar, Aviv},
  journal={arXiv preprint arXiv:2007.05614},
  year={2020}
}

@misc{concurrency,
Author = {Thomas Dickerson and Paul Gazzillo and Maurice Herlihy and Eric Koskinen},
Title = {Adding Concurrency to Smart Contracts},
Year = {2017},
Eprint = {arXiv:1702.04467},
}

@inproceedings{herman2016type,
  title={Type-aware transactions for faster concurrent code},
  author={Herman, Nathaniel and Inala, Jeevana Priya and Huang, Yihe and Tsai, Lillian and Kohler, Eddie and Liskov, Barbara and Shrira, Liuba},
  booktitle={Proceedings of the Eleventh European Conference on Computer Systems},
  pages={1--16},
  year={2016}
}

@misc{hou2019squirrl,
    title={SquirRL: Automating Attack Analysis on Blockchain Incentive Mechanisms with Deep Reinforcement Learning},
    author={Charlie Hou and Mingxun Zhou and Yan Ji and Phil Daian and Florian Tramer and Giulia Fanti and Ari Juels},
    year={2019},
    eprint={1912.01798},
    archivePrefix={arXiv},
    primaryClass={cs.CR}
}

@article{buterin2018discouragement,
  title={Discouragement attacks},
  author={Buterin, Vitalik},
  journal={ETH research},
  year={2018}
}

@inproceedings{buterin2019incentives,
  title={Incentives in Ethereum’s hybrid casper protocol},
  author={Buterin, Vitalik and Reijsbergen, Dani{\"e}l and Leonardos, Stefanos and Piliouras, Georgios},
  booktitle={2019 IEEE international conference on blockchain and cryptocurrency (ICBC)},
  pages={236--244},
  year={2019},
  organization={IEEE}
}

@online{eth2spec,
  author = "{Ethereum 2.0 Spec}",
  title = {Ethereum 2.0 Phase 0 -- The Beacon Chain},
  year = 2020,
  url = {https://github.com/ethereum/eth2.0-specs/blob/dev/specs/phase0/beacon-chain.md},
  urldate = {2020-11-09}
}

@article{chen2020survey,
  title={A survey on ethereum systems security: Vulnerabilities, attacks, and defenses},
  author={Chen, Huashan and Pendleton, Marcus and Njilla, Laurent and Xu, Shouhuai},
  journal={ACM Computing Surveys (CSUR)},
  volume={53},
  number={3},
  pages={1--43},
  year={2020},
  publisher={ACM New York, NY, USA}
}

@article{daian2019flash,
  title={Flash boys 2.0: Frontrunning, transaction reordering, and consensus instability in decentralized exchanges},
  author={Daian, Philip and Goldfeder, Steven and Kell, Tyler and Li, Yunqi and Zhao, Xueyuan and Bentov, Iddo and Breidenbach, Lorenz and Juels, Ari},
  journal={arXiv preprint arXiv:1904.05234},
  year={2019}
}

@article{neu2020ebb,
  title={Ebb-and-flow protocols: A resolution of the availability-finality dilemma},
  author={Neu, Joachim and Tas, Ertem Nusret and Tse, David},
  journal={arXiv preprint arXiv:2009.04987},
  year={2020}
}

@online{zamfirCasperCBC,
  author = {Vlad Zamfir},
  title = {Casper the friendly ghost: a ``correct-by-construction'' blockchain consensus protocol.},
  year = 2017,
  url = {https://github.com/vladzamfir/research/blob/master/papers/CasperTFG/CasperTFG.pdf},
  urldate = {2020-11-09}
}

@article{ghost,
title={Secure high-rate transaction processing in bitcoin.},
author={Sompolinsky, Yonatan and Zohar, Aviv},
journal={Conference on Financial Cryptography and Data Security},
pages={507--527},
publisher={Springer},
year={2015}
}

@online{bouncingattack,
  author = {Ryuya Nakamura},
  title = {Analysis of bouncing attack on FFG},
  year = 2019,
  url = {https://ethresear.ch/t/analysis-of-bouncing-attack-on-ffg/6113},
  urldate = {2020-11-30}
}

@online{decoyflipflip,
  author = {Ryuya Nakamura},
  title = {Decoy-flip-flop attack on LMD GHOST},
  year = 2019,
  url = {https://ethresear.ch/t/decoy-flip-flop-attack-on-lmd-ghost/6001},
  urldate = {2020-11-30}
}

@online{pullreq-decoyflipflip,
  author = {Pull Request 3987, Prysmatic Labs},
  title = {Decoy flip flop check},
  year = 2019,
  url = {https://github.com/prysmaticlabs/prysm/pull/3987},
  urldate = {2020-11-30}
}

@online{pullreq-bounce,
  author = {Pull Request 3989, Prsymatic Labs},
  title = {Bounce attack check},
  year = 2019,
  url = {https://github.com/prysmaticlabs/prysm/pull/3989},
  urldate = {2020-11-30}
}

@online{pullreq-bounce-eth,
  author = {Pull Request 1465, Eth 2.0 Spec},
  title = {Bounce attack resistance},
  year = 2019,
  url = {https://github.com/ethereum/eth2.0-specs/pull/1465},
  urldate = {2020-11-30}
}

@online{pullreq-decoy-eth,
  author = {Pull Request 1466, Eth 2.0 Spec},
  title = {Bounce attack resistance},
  year = 2019,
  url = {https://github.com/ethereum/eth2.0-specs/pull/1466},
  urldate = {2020-11-30}
}

@online{hf1,
  author = {Vitalik Buterin},
  title = {HF1 Proposal},
  year = 2021,
  url = {https://notes.ethereum.org/@vbuterin/HF1_proposal},
  urldate = {2021-2-1}
}

@article{bullmann2019search,
  title={In search for stability in crypto-assets: are stablecoins the solution?},
  author={Bullmann, Dirk and Klemm, Jonas and Pinna, Andrea},
  journal={ECB Occasional Paper},
  number={230},
  year={2019}
}

@article{berentsen2019stablecoins,
  title={Stablecoins: The quest for a low-volatility cryptocurrency},
  author={Berentsen, Aleksander and Sch{\"a}r, Fabian},
  journal={Fatas A.(a cura di), Economics of Fintech and Digital Currencies},
  pages={65--71},
  year={2019}
}

@article{zhao2021understand,
  title={Understand Volatility of Algorithmic Stablecoin: Modeling, Verification and Empirical Analysis},
  author={Zhao, Wenqi and Li, Hui and Yuan, Yuming},
  journal={arXiv preprint arXiv:2101.08423},
  year={2021}
}

@online{uniswapv1white,
  author = {Hayden Adams},
  title = {Uniswap Whitepaper},
  year = 2018,
  url = {https://hackmd.io/@HaydenAdams/HJ9jLsfTz},
  urldate = {2021-2-18}
}

@article{adams2020uniswap,
  title={Uniswap v2 core},
  author={Adams, Hayden and Zinsmeister, Noah and Robinson, Dan},
  journal={URl: https://uniswap.org/whitepaper. pdf},
  year={2020}
}

@article{angeris2019analysis,
  title={An analysis of Uniswap markets},
  author={Angeris, Guillermo and Kao, Hsien-Tang and Chiang, Rei and Noyes, Charlie and Chitra, Tarun},
  journal={arXiv preprint arXiv:1911.03380},
  year={2019}
}

@inproceedings{angeris2020improved,
  title={Improved price oracles: Constant function market makers},
  author={Angeris, Guillermo and Chitra, Tarun},
  booktitle={Proceedings of the 2nd ACM Conference on Advances in Financial Technologies},
  pages={80--91},
  year={2020}
}

@misc{tassy2020growth,
  title={Growth rate of a liquidity provider’s wealth in xy= c automated market makers},
  author={Tassy, Martin and White, David},
  year={2020}
}

@article{evans2020liquidity,
  title={Liquidity provider returns in geometric mean markets},
  author={Evans, Alex},
  journal={arXiv preprint arXiv:2006.08806},
  year={2020}
}

@article{aoyagi2020lazy,
  title={Lazy liquidity in automated market making},
  author={Aoyagi, Jun},
  journal={Available at SSRN 3674178},
  year={2020}
}

@article{yoo2020payment,
  title={Payment Guaranteed Polynomial Exchange Rate Scheme and Its Application to Cryptocurrency Swaps},
  author={Yoo, Youngseo and Seo, Dongil and Kim, Minhyun},
  journal={Annals of Emerging Technologies in Computing (AETiC) Vol},
  volume={4},
  year={2020}
}

@article{evans2021optimal,
  title={Optimal Fees for Geometric Mean Market Makers},
  author={Evans, Alex and Angeris, Guillermo and Chitra, Tarun},
  year={2021}
}

@article{angeris2020does,
  title={When does the tail wag the dog? Curvature and market making},
  author={Angeris, Guillermo and Evans, Alex and Chitra, Tarun},
  journal={arXiv preprint arXiv:2012.08040},
  year={2020}
}

@article{sobolfrontrunning,
  title={Frontrunning on Automated Decentralized Exchange in Proof Of Stake Environment},
  author={Sobol, Andrey}
}

@article{krishnamachari2021dynamic,
  title={Dynamic Curves for Decentralized Autonomous Cryptocurrency Exchanges},
  author={Krishnamachari, Bhaskar and Feng, Qi and Grippo, Eugenio},
  journal={arXiv preprint arXiv:2101.02778},
  year={2021}
}

@article{qin2020attacking,
  title={Attacking the DeFi ecosystem with flash loans for fun and profit},
  author={Qin, Kaihua and Zhou, Liyi and Livshits, Benjamin and Gervais, Arthur},
  journal={arXiv preprint arXiv:2003.03810},
  year={2020}
}

@article{wang2020automated,
  title={Automated market makers for decentralized finance (defi)},
  author={Wang, Yongge},
  journal={arXiv preprint arXiv:2009.01676},
  year={2020}
}

@article{dudik2021log,
  title={Log-time Prediction Markets for Interval Securities},
  author={Dud{\'\i}k, Miroslav and Wang, Xintong and Pennock, David M and Rothschild, David M},
  journal={arXiv preprint arXiv:2102.07308},
  year={2021}
}

@online{uniswapv3white,
  author = {Hayden Adams and Noah Zinsmeister and Moody Salem and River Keefer and Dan Robinson},
  title = {Uniswap v3 Core},
  year = 2021,
  url = {https://uniswap.org/whitepaper-v3.pdf},
  urldate = {2021-3-27}
}

@online{uniswapsfinancialalchemy,
  author = {Dave White and Martin Tassy and Charlie Noyes and Dan Robinson},
  title = {Uniswap's Financial Alchemy},
  year = 2020,
  url = {https://research.paradigm.xyz/uniswaps-alchemy},
  urldate = {2021-5-24}
}


@online{charmalphavault,
  author = {Max},
  title = {Introducing Alpha Vaults — an LP strategy for Uniswap V3},
  year = 2021,
  url = {https://medium.com/charmfinance/introducing-alpha-vaults-an-lp-strategy-for-uniswap-v3-ebf500b67796},
  urldate = {2021-5-24}
}

@online{defipulse,
  author = {DeFi Pulse},
  title = {Defi Pulse},
  year = 2021,
  url = {https://defipulse.com/},
  urldate = {2021-5-25}
}

@online{dexvolume,
  author = {defiprime},
  title = {DEX Tracker - Decentralized Exchanges Trading Volume},
  year = 2021,
  url = {https://defiprime.com/dex-volume},
  urldate = {2021-5-25}
}

@article{boggs1995sequential,
  title={Sequential quadratic programming},
  author={Boggs, Paul T and Tolle, Jon W},
  journal={Acta numerica},
  volume={4},
  pages={1--51},
  year={1995},
  publisher={Cambridge University Press}
}

@book{arrow1965aspects,
  title={Aspects of the theory of risk-bearing},
  author={Arrow, Kenneth Joseph},
  year={1965},
  publisher={Helsinki}
}

@incollection{pratt1978risk,
  title={Risk aversion in the small and in the large},
  author={Pratt, John W},
  booktitle={Uncertainty in economics},
  pages={59--79},
  year={1978},
  publisher={Elsevier}
}

@online{rewardfunction,
  author = {WYJJYN},
  title = {深度强化学习落地方法论（6）—— 回报函数篇},
  year = 2019,
  url = {https://zhuanlan.zhihu.com/p/97032357},
  urldate = {2019-11-13}
}

@online{expectedutilityfunction,
  author = {Unknown},
  title = {期望效用函数理论},
  year = 2019,
  url = {http://tas1.uibe.edu.cn:81/Upload/CourseStorage/CourseWare/SEC318/4971/201703117380.pdf},
  urldate = {2019-11-13}
}